@inproceedings{Repy:10, 
    author={Cappos, J. and Dadgar, A. and Rasley, J. and Samuel, J. and Beschastnikh, I. and Barsan, C. and Krishnamurthy, A. and Anderson, T.}, 
    title={Retaining sandbox containment despite bugs in privileged memory-safe code}, 
    booktitle={Proceedings of the CCS'10}, 
    year={2010}, 
} 


@inproceedings{NaCl:09, 
    author={Yee, B. and Sehr, D. and Dardyk, G. and Chen, J. B. and Muth, R. and Ormandy, T. and Okasaka, S. and Narula, N. and Fullagar, N.}, 
    title={Native Client: A Sandbox for Portable, Untrusted x86 Native Code}, 
    booktitle={Proceedings of the IEEE Symposium on Security and Privacy}, 
    year={2009}, 
    pages = {79-93},
    address = {Berkeley, CA, USA},
} 

    
@inproceedings{Drawbridge:11, 
    author={Porter, D. E. and Boyd-Wickizer, S. and Howell, J. and Olinsky, R. and Hunt, G. C}, 
    title={Rethinking the Library OS from the Top Down}, 
    booktitle={Proceedings of the ASPLOS'11}, 
    year={2011}, 
    pages = {291-304},
    address = {Newport Beach, California, USA},
} 


@inproceedings{Graphene:14, 
    author={Tsai, C. C. and Arora, K. S. and Bandi, N. and Jain, B. and Jannen, W. and John, J. and Kalodner, H. A. and Kulkarni, V. and Oliveira, D. and Porter, D. E.}, 
    title={Cooperation and Security Isolation of Library OSes for Multi-Process Applications}, 
    booktitle={Proceedings of the EuroSys'14}, 
    year={2014}, 
    address = {Amsterdam, Netherlands},
} 


@inproceedings{Xen:03, 
    author={Barham, P. and Dragovich, B. and Fraser, K. and Hand, S. and Harris, T. and Ho, A. and Neugebauer, R. and Pratt, I. and Warfield, A.}, 
    title={Xen and the Art of Virtualization}, 
    booktitle={Proceedings of the SOSP'03}, 
    year={2003}, 
    pages = {164-177},
} 


@inproceedings{SCI:04, 
    author={Garfinkel, T. and Pfaff, B. and Rosenblum, M.}, 
    title={Ostia: A delegating architecture for secure system call interposition}, 
    booktitle={Proceedings of the NDSS'04}, 
    year={2004}, 
} 


@inproceedings{Janus0:96, 
    author={Goldberg, I. and Wagner, D. and Thomas, R. and Brewer, E.}, 
    title={A secure environment for untrusted helper applications (confining the wily hacker)}, 
    booktitle={Proceedings of the USENIX UNIX Security Symposium'96}, 
    year={1996}, 
} 


@inproceedings{Janus:99, 
    author={Wagner, D. A.}, 
    title={Janus: An approach for confinement of untrusted applications}, 
    booktitle={Tech. Rep. CSD-99-1056, University of California, Berkeley}, 
    year={1999}, 
} 


@inproceedings{SFI:93, 
    author={Wahbe, R. and Lucco, S. and Anderson, T. E. and Graham, S. L.}, 
    title={Efficient software-based fault isolation}, 
    booktitle={SIGOPS Oper. Syst. Rev. 27, 5}, 
    year={1993}, 
    pages = {203-216},
} 


@inproceedings{Nooks:03, 
    author={Swift, M. M. and Bershad, B. N. and Levy, H. M.}, 
    title={Improving the reliability of commodity operating systems}, 
    booktitle={Proceedings of the SOSP'03}, 
    year={2003}, 
    pages = {207-222},
} 


@misc{CVE:14,
    title={Kernel Vulnerability Statistics},
    author={{CVE DETAILS}},
    howpublished={\url{http://www.cvedetails.com/product/47/Linux-Linux-Kernel.html?vendor_id=33}},
    year={2014},
}


@misc{NVD:14,
    title={Kernel Vulnerabilities},
    author={{NATIONAL VULNERABILITY DATABASE}},
    howpublished={\url{http://goo.gl/GJpw0b}},
    year={2014},
}


@inproceedings{Metrics:13, 
    author={Anil Kurmus and Reinhard Tartler and Daniela Dorneanu and Bernhard Heinloth and Valentin Rothberg and Andreas Ruprecht and Wolfgang Schroder-Preikschat and Daniel Lohmann and Rudiger Kapitza}, 
    title={Attack Surface Metrics and Automated Compile-Time OS Kernel Tailoring}, 
    booktitle={Proceedings of the NDSS'13}, 
    year={2013}, 
    pages={}, 
} 


@inproceedings{Linux:13, 
    author={Greg Kroah-Hartman and Jonathan Corbet and Amanda McPherson}, 
    title={Linux Kernel Development Tech. Rep.}, 
    booktitle={Linux Foundation}, 
    year={2013}, 
    pages={}, 
} 


@misc{CVE:20093234,
    title={{CVE-2009-3234}},
    author={{COMMON VULNERABILITIES AND EXPOSURES}},
    howpublished={},
    year={2009},
    month={September},
}


@misc{CVE:20131828,
    title={{CVE-2013-1828}},
    author={{COMMON VULNERABILITIES AND EXPOSURES}},
    howpublished={},
    year={2013},
    month={February},
}


@misc{CVE:20132892,
    title={{CVE-2013-2892}},
    author={{COMMON VULNERABILITIES AND EXPOSURES}},
    howpublished={},
    year={2013},
    month={August},
}


@misc{CVE:20050736,
    title={{CVE-2005-0736}},
    author={{COMMON VULNERABILITIES AND EXPOSURES}},
    howpublished={},
    year={2005},
    month={March},
}


@misc{CVE:20092698,
    title={{CVE-2009-2698}},
    author={{COMMON VULNERABILITIES AND EXPOSURES}},
    howpublished={},
    year={2009},
    month={August},
}


@misc{CVE:20093002,
    title={{CVE-2009-3002}},
    author={{COMMON VULNERABILITIES AND EXPOSURES}},
    howpublished={},
    year={2009},
    month={August},
}


@misc{CVE:20104073,
    title={{CVE-2010-4073}},
    author={{COMMON VULNERABILITIES AND EXPOSURES}},
    howpublished={},
    year={2010},
    month={October},
}


@misc{CVE:20132852,
    title={{CVE-2013-2852}},
    author={{COMMON VULNERABILITIES AND EXPOSURES}},
    howpublished={},
    year={2013},
    month={April},
}


@misc{CVE:20134343,
    title={{CVE-2013-4343}},
    author={{COMMON VULNERABILITIES AND EXPOSURES}},
    howpublished={},
    year={2013},
    month={June},
}


@misc{CVE:20103437,
    title={{CVE-2010-3437}},
    author={{COMMON VULNERABILITIES AND EXPOSURES}},
    howpublished={},
    year={2010},
    month={September},
}


@misc{CVE:20132094,
    title={{CVE-2013-2094}},
    author={{COMMON VULNERABILITIES AND EXPOSURES}},
    howpublished={},
    year={2013},
    month={February},
}


@misc{CVE:20102959,
    title={{CVE-2010-2959}},
    author={{COMMON VULNERABILITIES AND EXPOSURES}},
    howpublished={},
    year={2010},
    month={August},
}


@misc{CVE:20091527,
    title={{CVE-2009-1527}},
    author={{COMMON VULNERABILITIES AND EXPOSURES}},
    howpublished={},
    year={2009},
    month={May},
}


@misc{CVE:20093547,
    title={{CVE-2009-3547}},
    author={{COMMON VULNERABILITIES AND EXPOSURES}},
    howpublished={},
    year={2009},
    month={October},
}


@misc{CVE:20103904,
    title={{CVE-2010-3904}},
    author={{COMMON VULNERABILITIES AND EXPOSURES}},
    howpublished={},
    year={2010},
    month={October},
}


@misc{CVE:20104347,
    title={{CVE-2010-4347}},
    author={{COMMON VULNERABILITIES AND EXPOSURES}},
    howpublished={},
    year={2010},
    month={November},
}


@misc{CVE:20120946,
    title={{CVE-2012-0946}},
    author={{COMMON VULNERABILITIES AND EXPOSURES}},
    howpublished={},
    year={2012},
    month={February},
}


@misc{CVE:20130268,
    title={{CVE-2013-0268}},
    author={{COMMON VULNERABILITIES AND EXPOSURES}},
    howpublished={},
    year={2013},
    month={December},
}


@article{,
    author = {},
    title = {},
    journal ={}, 
    volume = {},
    issn = {},
    year = {}, 
    pages = {},
    publisher = {}, 
    address = {},
}
